@book{Oksendal2003,
  author    = {Øksendal, Bernt},
  title     = {Stochastic Differential Equations: An Introduction with Applications},
  edition   = {6th},
  publisher = {Springer},
  year      = {2003},
  doi       = {10.1007/978-3-642-14394-6},
  isbn      = {978-3-540-04758-8},
  address   = {Berlin, Heidelberg},
  note      = {Universitext},
  page      = {48-50}, 
}

@misc{kamb2024analytictheorycreativityconvolutional,
      title={An analytic theory of creativity in convolutional diffusion models}, 
      author={Mason Kamb and Surya Ganguli},
      year={2024},
      eprint={2412.20292},
      archivePrefix={arXiv},
      primaryClass={cs.LG},
      url={https://arxiv.org/abs/2412.20292}, 
}
@book{evans2018measure,
  title={Measure theory and fine properties of functions},
  author={Evans and LawrenceCraig},
  edition={revised edition},
  year={2018},
  publisher={Routledge},
  url={http://home.ustc.edu.cn/~huangty0407/[Evans,%20Lawrence%20Craig;%20Gariepy,%20Ronald]%20Measure%20Theory%20and%20Fine%20Properties%20of%20Functions,%20Revised%20Edition.pdf},
}

@misc{beckmann2024equivariantneuralnetworksindirect,
      title={Equivariant Neural Networks for Indirect Measurements}, 
      author={Matthias Beckmann and Nick Heilenkötter},
      year={2024},
      eprint={2306.16506},
      archivePrefix={arXiv},
      primaryClass={math.NA},
      url={https://arxiv.org/abs/2306.16506}, 
}

@article{Celledoni_2021_equivariant_neural_networks,
   title={Equivariant neural networks for inverse problems},
   volume={37},
   ISSN={1361-6420},
   url={http://dx.doi.org/10.1088/1361-6420/ac104f},
   DOI={10.1088/1361-6420/ac104f},
   number={8},
   journal={Inverse Problems},
   publisher={IOP Publishing},
   author={Celledoni, Elena and Ehrhardt, Matthias J and Etmann, Christian and Owren, Brynjulf and Schönlieb, Carola-Bibiane and Sherry, Ferdia},
   year={2021},
   month=jul, pages={085006} }

@misc{slideshare2025,
  author = {Sangwoo Mo},
  title = {Slideshow on forward and backward processes},
  year={2025},
  howpublished = {Slideshare},
  url = {https://www.slideshare.net/slideshow/},
  note = {Accessed: May 12, 2025}
}
