@book{Oksendal2003,
  author    = {Ã˜ksendal, Bernt},
  title     = {Stochastic Differential Equations: An Introduction with Applications},
  edition   = {6th},
  publisher = {Springer},
  year      = {2003},
  doi       = {10.1007/978-3-642-14394-6},
  isbn      = {978-3-540-04758-8},
  address   = {Berlin, Heidelberg},
  note      = {Universitext},
  page      = {49},
}